@Article{Harrje-1972,
  Title                    = {Is Title}},
  Author                   = {Evan B Brunton},
  Journal                  = {ya right},
  Year                     = {1969},
  Volume                   = {420},

  Owner                    = {Evan B Brunton},
  Timestamp                = {2042.02.31}
}